<collection xmlns="http://www.loc.gov/MARC21/slim">
<record>
  <leader>00703nam0a22001811i 450 </leader>
  <controlfield tag="001">IT\ICCU\CNCE\056983</controlfield>
  <controlfield tag="005">20070427000000.0</controlfield>
  <datafield tag="100" ind1=" " ind2=" ">
    <subfield code="a">20040331d1588        0itac0103    ba</subfield>
  </datafield>
  <datafield tag="101" ind1=" " ind2=" ">
    <subfield code="a">ITA</subfield>
  </datafield>
  <datafield tag="102" ind1=" " ind2=" ">
    <subfield code="a">IT</subfield>
  </datafield>
  <datafield tag="200" ind1="1" ind2=" ">
    <subfield code="a">Regula et testamento del padre seraphico san Francesco</subfield>
  </datafield>
  <datafield tag="210" ind1=" " ind2=" ">
    <subfield code="a">In Palermo</subfield>
    <subfield code="c">appresso Giovanni Francesco Carrara</subfield>
    <subfield code="d">1588</subfield>
  </datafield>
  <datafield tag="620" ind1=" " ind2=" ">
    <subfield code="a">IT</subfield>
    <subfield code="d">Palermo</subfield>
  </datafield>
  <datafield tag="700" ind1=" " ind2="0">
    <subfield code="a">Francesco</subfield>
    <subfield code="c"> : d&apos;Assisi</subfield>
    <subfield code="c"> &lt;santo&gt;</subfield>
    <subfield code="3">IT\ICCU\CNCA\005534</subfield>
  </datafield>
  <datafield tag="712" ind1="0" ind2="0">
    <subfield code="a">Carrara, Giovanni Francesco</subfield>
    <subfield code="3">IT\ICCU\CNCT\002226</subfield>
    <subfield code="4">650</subfield>
  </datafield>
  <datafield tag="791" ind1="0" ind2="0">
    <subfield code="a">Carrara, Ioannes Franciscus</subfield>
    <subfield code="3">IT\ICCU\CNCT\004470</subfield>
    <subfield code="z">Carrara, Giovanni Francesco</subfield>
  </datafield>
  <datafield tag="791" ind1="0" ind2="0">
    <subfield code="a">Carrara, Franciscus</subfield>
    <subfield code="3">IT\ICCU\CNCT\004474</subfield>
    <subfield code="z">Carrara, Giovanni Francesco</subfield>
  </datafield>
  <datafield tag="801" ind1=" " ind2="3">
    <subfield code="a">IT</subfield>
    <subfield code="b">ICCU</subfield>
    <subfield code="c">20201115</subfield>
  </datafield>
</record>
</collection>
